1
@INPROCEEDINGS{technical_indicators_forecasting,
  author={Fazeli, Arvand and Houghten, Sheridan},
  booktitle={2019 IEEE International Conference on Big Data (Big Data)}, 
  title={Deep Learning for the Prediction of Stock Market Trends}, 
  year={2019},
  volume={},
  number={},
  pages={5513-5521},
  doi={10.1109/BigData47090.2019.9005523}}

2
@INPROCEEDINGS{forecasting_dl,
  author={J, Kavinnilaa and E, Hemalatha and Jacob, Minu Susan and R, Dhanalakshmi},
  booktitle={2021 International Conference on System, Computation, Automation and Networking (ICSCAN)}, 
  title={Stock Price Prediction Based on LSTM Deep Learning Model}, 
  year={2021},
  volume={},
  number={},
  pages={1-4},
  doi={10.1109/ICSCAN53069.2021.9526491}}

3
@article{forecast_DL_ML,
author = {Shen, Jingyi and Shafiq, M.},
year = {2020},
month = {08},
pages = {},
title = {Short-term stock market price trend prediction using a comprehensive deep learning system},
volume = {7},
journal = {Journal of Big Data},
doi = {10.1186/s40537-020-00333-6}
}

4
@INPROCEEDINGS{forecast_ML,
  author={Marchai, Fernando Liko and Martin, William and Suhartono, Derwin},
  booktitle={2021 8th International Conference on Information Technology, Computer and Electrical Engineering (ICITACEE)}, 
  title={Stock Prices Prediction Using Machine Learning}, 
  year={2021},
  volume={},
  number={},
  pages={79-84},
  doi={10.1109/ICITACEE53184.2021.9617222}}

5
@INPROCEEDINGS{implications,
  author={Shah, Dev and Isah, Haruna and Zulkernine, Farhana},
  booktitle={2018 IEEE International Conference on Big Data (Big Data)}, 
  title={Predicting the Effects of News Sentiments on the Stock Market}, 
  year={2018},
  volume={},
  number={},
  pages={4705-4708},
  doi={10.1109/BigData.2018.8621884}}